@book{sutton-rl,
  title={Reinforcement learning: An introduction},
  author={Sutton, Richard S and Barto, Andrew G},
  year={2018},
  publisher={MIT press}
}

@book{bertsekas-rl,
  title={Reinforcement learning and optimal control},
  author={Bertsekas, Dimitri},
  volume={1},
  year={2019},
  publisher={Athena Scientific}
}

@article{walters-hilborn-1978,
  title={Ecological optimization and adaptive management},
  author={Walters, Carl J and Hilborn, Ray},
  journal={Annual review of Ecology and Systematics},
  volume={9},
  pages={157--188},
  year={1978},
  publisher={JSTOR}
}

@incollection{hilborn-walters-1992,
  title={Harvest strategies and tactics},
  author={Hilborn, Ray and Walters, Carl J},
  booktitle={Quantitative Fisheries Stock Assessment: Choice, Dynamics and Uncertainty},
  pages={453--470},
  year={1992},
  publisher={Springer}
}

@article{walters-parma-1996,
  title={Fixed exploitation rate strategies for coping with effects of climate change},
  author={Walters, Carl and Parma, Ana M},
  journal={Canadian Journal of Fisheries and Aquatic Sciences},
  volume={53},
  number={1},
  pages={148--158},
  year={1996},
  publisher={NRC Research Press Ottawa, Canada}
}

@article{walters1975optimal,
  title={Optimal harvest strategies for salmon in relation to environmental variability and uncertain production parameters},
  author={Walters, Carl J},
  journal={Journal of the Fisheries Board of Canada},
  volume={32},
  number={10},
  pages={1777--1784},
  year={1975},
  publisher={NRC Research Press Ottawa, Canada}
}

@article{walters1978ecological,
  title={Ecological optimization and adaptive management},
  author={Walters, Carl J and Hilborn, Ray},
  journal={Annual review of Ecology and Systematics},
  volume={9},
  pages={157--188},
  year={1978},
  publisher={JSTOR}
}

@article{walters2005possible,
  title={Possible ecosystem impacts of applying MSY policies from single-species assessment},
  author={Walters, Carl J and Christensen, Villy and Martell, Steven J and Kitchell, James F},
  journal={ICES Journal of Marine Science},
  volume={62},
  number={3},
  pages={558--568},
  year={2005},
  publisher={Oxford University Press}
}

@article{dfo2006,
  title={A harvest strategy compliant with the precautionary approach},
  author={DFO, A},
  journal={DFO Canadian Science Advisory Secretariat Science Advisory Report 2006/023},
  pages={7},
  year={2006}
}

@article{hilborn2002,
  title={The dark side of reference points},
  author={Hilborn, Ray},
  journal={Bulletin of marine science},
  volume={70},
  number={2},
  pages={403--408},
  year={2002},
  publisher={University of Miami-Rosenstiel School of Marine, Atmospheric \& Earth Science}
}

@article{hilborn2001precautionary,
  title={The precautionary approach and risk management: can they increase the probability of successes in fishery management?},
  author={Hilborn, Ray and Maguire, Jean-Jacques and Parma, Ana M and Rosenberg, Andrew A},
  journal={Canadian Journal of Fisheries and Aquatic Sciences},
  volume={58},
  number={1},
  pages={99--107},
  year={2001},
  publisher={NRC Research Press Ottawa, Canada}
}

@inproceedings{hjort1914,
  title={Fluctuations in the great fisheries of northern Europe viewed in the light of biological research},
  author={Hjort, Johan},
  year={1914},
  organization={ICES}
}

@article{caddy-gulland,
  title={Historical patterns of fish stocks},
  author={Caddy, JF and Gulland, JA},
  journal={Marine policy},
  volume={7},
  number={4},
  pages={267--278},
  year={1983},
  publisher={Elsevier}
}

@article{licandeo-etal-2020,
  title={Management strategies for spasmodic stocks: a Canadian Atlantic redfish fishery case study},
  author={Licandeo, Roberto and Duplisea, Daniel E and Senay, Caroline and Marentette, Julie R and McAllister, Murdoch K},
  journal={Canadian Journal of Fisheries and Aquatic Sciences},
  volume={77},
  number={4},
  pages={684--702},
  year={2020},
  publisher={NRC Research Press}
}

@phdthesis{licandeo-thesis,
  title={Fisheries harvest management procedures under time-varying productivity},
  author={Licandeo, Roberto},
  year={2020},
  school={University of British Columbia}
}

@article{zimmermann2019improved,
  title={Improved management is the main driver behind recovery of Northeast Atlantic fish stocks},
  author={Zimmermann, Fabian and Werner, Karl Michael},
  journal={Frontiers in Ecology and the Environment},
  volume={17},
  number={2},
  pages={93--99},
  year={2019},
  publisher={Wiley Online Library}
}

@article{fisch-etal-2019,
  title={A comparison of age-and size-structured assessment models applied to a stock of cisco in Thunder Bay, Ontario},
  author={Fisch, Nicholas C and Bence, James R and Myers, Jared T and Berglund, Eric K and Yule, Daniel L},
  journal={Fisheries Research},
  volume={209},
  pages={86--100},
  year={2019},
  publisher={Elsevier}
}

@article{schmitt-vandergoot,
  title={Does Lake Erie still have sufficient oxythermal habitat for cisco Coregonus artedi?},
  author={Schmitt, Joseph D and Vandergoot, Christopher S and O'Malley, Brian P and Kraus, Richard T},
  journal={Journal of Great Lakes Research},
  volume={46},
  number={2},
  pages={330--338},
  year={2020},
  publisher={Elsevier}
}

@article{punt2014,
  title={Fisheries management under climate and environmental uncertainty: control rules and performance simulation},
  author={Punt, Andr{\'e} E and A'mar, Teresa and Bond, Nicholas A and Butterworth, Douglas S and de Moor, Carryn L and De Oliveira, Jos{\'e} AA and Haltuch, Melissa A and Hollowed, Anne B and Szuwalski, Cody},
  journal={ICES Journal of Marine Science},
  volume={71},
  number={8},
  pages={2208--2220},
  year={2014},
  publisher={Oxford University Press}
}

@article{punt-mse,
  title={Management strategy evaluation: best practices},
  author={Punt, Andr{\'e} E and Butterworth, Doug S and de Moor, Carryn L and De Oliveira, Jos{\'e} AA and Haddon, Malcolm},
  journal={Fish and fisheries},
  volume={17},
  number={2},
  pages={303--334},
  year={2016},
  publisher={Wiley Online Library}
}

@book{edwards2016-mse,
  title={Management science in fisheries},
  author={Edwards, Charles TT and Dankel, DJ},
  year={2016},
  publisher={Routledge, London/New York}
}

@article{frazier2018bayesian,
  title={A tutorial on Bayesian optimization},
  author={Frazier, Peter I},
  journal={arXiv preprint arXiv:1807.02811},
  year={2018}
}

@article{head-skopt,
  title={Scikit-optimize/scikit-optimize (v0. 7.4)[Computer software]},
  author={Head, T and Kumar, M and Nahrstaedt, H and Louppe, G and Shcherbatyi, I},
  journal={Zenodo doi},
  volume={10},
  year={2020}
}

@article{lapeyrolerie-rl,
  title={Deep reinforcement learning for conservation decisions},
  author={Lapeyrolerie, Marcus and Chapman, Melissa S and Norman, Kari EA and Boettiger, Carl},
  journal={Methods in Ecology and Evolution},
  volume={13},
  number={11},
  pages={2649--2662},
  year={2022},
  publisher={Wiley Online Library}
}

@article{rojas1996,
  title={The backpropagation algorithm},
  author={Rojas, Raul and Rojas, Ra{\'u}l},
  journal={Neural networks: a systematic introduction},
  pages={149--182},
  year={1996},
  publisher={Springer}
}

@article{schulman-ppo,
  title={Proximal policy optimization algorithms},
  author={Schulman, John and Wolski, Filip and Dhariwal, Prafulla and Radford, Alec and Klimov, Oleg},
  journal={arXiv preprint arXiv:1707.06347},
  year={2017}
}

@article{prettydarngood,
  title={Pretty darn good control: when are approximate solutions better than approximate models},
  author={Montealegre-Mora, Felipe and Lapeyrolerie, Marcus and Chapman, Melissa and Keller, Abigail G and Boettiger, Carl},
  journal={Bulletin of Mathematical Biology},
  volume={85},
  number={10},
  pages={95},
  year={2023},
  publisher={Springer}
}

@article{larkin1977epitaph,
  title={An epitaph for the concept of maximum sustained yield},
  author={Larkin, Peter A},
  journal={Transactions of the American fisheries society},
  volume={106},
  number={1},
  pages={1--11},
  year={1977},
  publisher={Taylor \& Francis}
}

@article{finley2013maximum,
  title={Maximum sustained yield: a policy disguised as science},
  author={Finley, Carmel and Oreskes, Naomi},
  journal={ICES Journal of Marine Science},
  volume={70},
  number={2},
  pages={245--250},
  year={2013},
  publisher={Oxford University Press}
}

@article{mace2001new,
  title={A new role for MSY in single-species and ecosystem approaches to fisheries stock assessment and management},
  author={Mace},
  journal={Fish and fisheries},
  volume={2},
  number={1},
  pages={2--32},
  year={2001},
  publisher={Wiley Online Library}
}

@article{silvar-viladomiu,
  title={An empirical review of ICES reference points},
  author={Silvar-Viladomiu, Paula and Batts, Luke and Minto, C{\'o}il{\'\i}n and Miller, David and Lordan, Colm},
  journal={ICES Journal of Marine Science},
  volume={79},
  number={10},
  pages={2563--2578},
  year={2022},
  publisher={Oxford University Press}
}

@article{reed1979optimal,
  title={Optimal escapement levels in stochastic and deterministic harvesting models},
  author={Reed, William J},
  journal={Journal of environmental economics and management},
  volume={6},
  number={4},
  pages={350--363},
  year={1979},
  publisher={Elsevier}
}

@article{parma1990experimental,
  title={Experimental harvesting of cyclic stocks in the face of alternative recruitment hypotheses},
  author={Parma, Ana M and Deriso, Richard B},
  journal={Canadian Journal of Fisheries and Aquatic Sciences},
  volume={47},
  number={3},
  pages={595--610},
  year={1990},
  publisher={NRC Research Press Ottawa, Canada}
}

@article{hawkshaw2015harvest,
  title={Harvest control rules for mixed-stock fisheries coping with autocorrelated recruitment variation, conservation of weak stocks, and economic well-being},
  author={Hawkshaw, Michael and Walters, Carl},
  journal={Canadian Journal of Fisheries and Aquatic Sciences},
  volume={72},
  number={5},
  pages={759--766},
  year={2015},
  publisher={NRC Research Press}
}

@article{sullivan2003,
  title={Active management of walleye fisheries in Alberta: dilemmas of managing recovering fisheries},
  author={Sullivan, Michael G},
  journal={North American Journal of Fisheries Management},
  volume={23},
  number={4},
  pages={1343--1358},
  year={2003},
  publisher={Taylor \& Francis}
}

@article{post-etal-2002,
  title={Canada's recreational fisheries: the invisible collapse?},
  author={Post, John R and Sullivan, Michael and Cox, Sean and Lester, Nigel P and Walters, Carl J and Parkinson, Eric A and Paul, Andrew J and Jackson, Leyland and Shuter, Brian J},
  journal={Fisheries},
  volume={27},
  number={1},
  pages={6--17},
  year={2002},
  publisher={Wiley Online Library}
}

@article{cahill2022,
  title={Unveiling the recovery dynamics of Walleye after the invisible collapse},
  author={Cahill, Christopher L and Walters, Carl J and Paul, Andrew J and Sullivan, Michael G and Post, John R},
  journal={Canadian Journal of Fisheries and Aquatic Sciences},
  volume={79},
  number={5},
  pages={708--723},
  year={2022},
  publisher={Canadian Science Publishing 1840 Woodward Drive, Suite 1, Ottawa, ON K2C 0P7}
}

@article{cahill2020spatial,
  title={A spatial--temporal approach to modeling somatic growth across inland recreational fisheries landscapes},
  author={Cahill, Christopher L and Anderson, Sean C and Paul, Andrew J and MacPherson, Laura and Sullivan, Michael G and van Poorten, Brett and Walters, Carl J and Post, John R},
  journal={Canadian Journal of Fisheries and Aquatic Sciences},
  volume={77},
  number={11},
  pages={1822--1835},
  year={2020},
  publisher={NRC Research Press 1840 Woodward Drive, Suite 1, Ottawa, ON K2C 0P7}
}

@article{botsford1981,
  title={Optimal fishery policy for size-specific, density-dependent population models},
  author={Botsford, Louis W},
  journal={Journal of Mathematical Biology},
  volume={12},
  pages={265--293},
  year={1981},
  publisher={Springer}
}

@article{darocha2013,
  title={Selectivity, pulse fishing and endogenous lifespan in Beverton-Holt models},
  author={Da Rocha, Jos{\'e}-Mar{\'\i}a and Guti{\'e}rrez, Mar{\'\i}a-Jose and Antelo, Luis T},
  journal={Environmental and Resource Economics},
  volume={54},
  pages={139--154},
  year={2013},
  publisher={Springer}
}

@article{golden2022focusing,
  title={Focusing on what matters most: Evaluating multiple challenges to stability in recreational fisheries},
  author={Golden, Abigail S and van Poorten, Brett and Jensen, Olaf P},
  journal={Fish and Fisheries},
  volume={23},
  number={6},
  pages={1418--1438},
  year={2022},
  publisher={Wiley Online Library}
}

@article{memarzadeh2019,
  title={Resolving the measurement uncertainty paradox in ecological management},
  author={Memarzadeh, Milad and Boettiger, Carl},
  journal={The American Naturalist},
  volume={193},
  number={5},
  pages={645--660},
  year={2019},
  publisher={The University of Chicago Press Chicago, IL}
}

@article{williams2022,
  title={Partial observability and management of ecological systems},
  author={Williams, Byron K and Brown, Eleanor D},
  journal={Ecology and Evolution},
  volume={12},
  number={9},
  pages={e9197},
  year={2022},
  publisher={Wiley Online Library}
}

@article{collie2021,
  title={Harvest strategies for climate-resilient fisheries},
  author={Collie, Jeremy S and Bell, Richard J and Collie, Samuel B and Minto, C{\'o}il{\'\i}n},
  journal={ICES Journal of Marine Science},
  volume={78},
  number={8},
  pages={2774--2783},
  year={2021},
  publisher={Oxford University Press}
}

@book{murphy-willis-book,
  title={Fisheries techniques},
  author={Murphy, Brian R and Willis, David W and others},
  year={1996},
  publisher={Citeseer}
}

@article{sun2021rebuilding,
  title={Rebuilding depleted fisheries towards BMSY under uncertainty: harvest control rules outperform combined management measures},
  author={Sun, Ming and Li, Yunzhou and Ren, Yiping and Chen, Yong},
  journal={ICES Journal of Marine Science},
  volume={78},
  number={6},
  pages={2218--2232},
  year={2021},
  publisher={Oxford University Press}
}

@article{liang2016deep,
  title={Why deep neural networks for function approximation?},
  author={Liang, Shiyu and Srikant, Rayadurgam},
  journal={arXiv preprint arXiv:1610.04161},
  year={2016}
}

@article{quinn-deriso,
  title={Quantitative fish dynamics},
  author={Quinn, TJ},
  journal={University of Oxford},
  volume={560},
  year={1999}
}